
@misc{market_making,
	title = {Option market-making with hedging impact},
	author = {Aubert, Paulin and Chevalier, Etienne  and Ly Vath, Vathana},
	year = {2025},
	note = {To be submitted}
}

@misc{optimal_dividends,
	title = {Optimal dividends and capital injection with self-exciting arrival of claims},
	author = {Aubert, Paulin and Chevalier, Etienne  and Ly Vath, Vathana},
	year = {2025},
	note = {To be submitted}
}

@misc{optimal_stopping,
	title = {Policy gradient methods for Bermudan option pricing in wide dimensions},
	author = {Aubert, Paulin},
	year = {2025},
	note = {To be submitted}
}